<?xml version="1.0" encoding="UTF-8"?>
<?xml-stylesheet type="text/xsl" href="https://www.revistas.usp.br/lib/pkp/xml/oai2.xsl" ?>
<OAI-PMH xmlns="http://www.openarchives.org/OAI/2.0/" xmlns:xsi="http://www.w3.org/2001/XMLSchema-instance" xsi:schemaLocation="http://www.openarchives.org/OAI/2.0/ http://www.openarchives.org/OAI/2.0/OAI-PMH.xsd">
<responseDate>2023-08-07T14:50:00Z</responseDate>
<request verb="ListRecords" metadataPrefix="marcxml" set="actafisiatrica">https://www.revistas.usp.br/actafisiatrica/oai</request>
<ListRecords>
<record>
<header>
<identifier>oai:revistas.usp.br:article/102576</identifier>
<datestamp>2020-08-15T21:33:43Z</datestamp>
<setSpec>actafisiatrica:Art.+Orig.</setSpec>
<setSpec>driver</setSpec>
</header>
<metadata>
<record xmlns="http://www.loc.gov/MARC21/slim" xmlns:xsi="http://www.w3.org/2001/XMLSchema-instance" xsi:schemaLocation="http://www.loc.gov/MARC21/slim http://www.loc.gov/standards/marcxml/schema/MARC21slim.xsd">
<leader>     nmb a2200000Iu 4500</leader>
<controlfield tag="008">"060409 2006                        eng  "</controlfield>
<datafield tag="022" ind1="#" ind2="#">
<subfield code="$a">2317-0190</subfield>
</datafield>
<datafield tag="022" ind1="#" ind2="#">
<subfield code="$a">0104-7795</subfield>
</datafield>
<datafield tag="042" ind1=" " ind2=" ">
<subfield code="a">dc</subfield>
</datafield>
<datafield tag="245" ind1="0" ind2="0">
<subfield code="a">Análise da durabilidade do efeito do alongamento muscular dos isquiotibiais em duas formas de intervenção</subfield>
</datafield>  <datafield tag="720" ind1="1" ind2=" ">
<subfield code="a">Lima, Renata Cristina Magalhães</subfield>
<subfield code="u">Centro Universitário Newton Paiva</subfield></datafield>
<datafield tag="720" ind1="1" ind2=" ">
<subfield code="a">Pessoa, Bruna Ferreira</subfield>
<subfield code="u">Centro Universitário Newton Paiva</subfield></datafield>
<datafield tag="720" ind1="1" ind2=" ">
<subfield code="a">Martins, Bruna Letícia Tamietti</subfield>
<subfield code="u">Centro Universitário Newton Paiva</subfield></datafield>
<datafield tag="720" ind1="1" ind2=" ">
<subfield code="a">Freitas, Daniela Bicalho Nogueira de</subfield>
<subfield code="u">Centro Universitário Newton Paiva</subfield></datafield>
<datafield tag="520" ind1=" " ind2=" ">
<subfield code="a"> Uma das maiores causas de disfunção do movimento é a falta de flexibilidade muscular, podendo interferir na funcionalidade dos indivíduos. Flexibilidade pode ser alterada por meio de alongamento, mas sabe-se que os efeitos do treinamento são, em geral, transitórios - aumentos duráveis resultam de remodelamento adaptativo e não simplesmente de deformação mecânica. Objetivo: Analisar a durabilidade dos efeitos de um programa de alongamento dos isquiotibiais e verificar se há diferença quando associado à esteira elétrica (aquecimento profundo) anteriormente. Métodos: Treze mulheres e sete homens entre 18 e 39 anos, divididos em dois grupos: alongamento (A) e esteira e alongamento (EA), foram submetidos a seis semanas, cinco vezes/semana, de alongamento estático ativo dos isquiotibiais em quatro séries de 30s e esteira elétrica, somente no EA, antes do alongamento. Foi realizada medida do ângulo poplíteo utilizando-se goniometria no pré e pós-treinamento durante um mês. Resultados: Os grupos obtiveram ganho significativo (p=0.000), mas não houve diferença significativa entre eles. A diminuição desse ganho em ambos aconteceu a partir do primeiro dia pós-treinamento, retornando à medida inicial em 72 horas. Discussão: Os achados sugerem que os benefícios do treinamento em longo prazo existem, porém, assim que se interrompe, eles vao deixando de existir, e não se pode afirmar se foram devido a um remodelamento adaptativo ou deformação mecânica. Conclusão: O ganho obtido foi transitório, mas deve-se considerar que não houve demanda funcional para que ele se mantivesse. </subfield>
</datafield>
<datafield tag="260" ind1=" " ind2=" ">
<subfield code="b">Faculdade de Medicina, Universidade de São Paulo</subfield>
</datafield>
<dataField tag="260" ind1=" " ind2=" ">
<subfield code="c">2006-04-09 00:00:00</subfield>
</dataField>   <datafield tag="856" ind1=" " ind2=" ">
<subfield code="q">application/pdf</subfield>
</datafield>
<datafield tag="856" ind1=" " ind2=" ">
<subfield code="q">application/pdf</subfield>
</datafield>
<datafield tag="856" ind1="4" ind2="0">
<subfield code="u">https://www.revistas.usp.br/actafisiatrica/article/view/102576</subfield>
</datafield>  <datafield tag="786" ind1="0" ind2=" ">
<subfield code="n">Acta Fisiátrica; v. 13 n. 1 (2006)</subfield>
</datafield>  <datafield tag="546" ind1=" " ind2=" ">
<subfield code="a">por</subfield>
</datafield>   <datafield tag="540" ind1=" " ind2=" ">
<subfield code="a">Copyright (c) 2006 Acta Fisiátrica</subfield>
</datafield>
</record>
</metadata>
</record>