
<record>
<header>
<identifier>oai:revistas.usp.br:article/102578</identifier>
<datestamp>2020-08-15T21:36:22Z</datestamp>
<setSpec>actafisiatrica:Art.+Orig.</setSpec>
<setSpec>driver</setSpec>
</header>
<metadata>
<record xmlns="http://www.loc.gov/MARC21/slim" xmlns:xsi="http://www.w3.org/2001/XMLSchema-instance" xsi:schemaLocation="http://www.loc.gov/MARC21/slim http://www.loc.gov/standards/marcxml/schema/MARC21slim.xsd">
<leader>     nmb a2200000Iu 4500</leader>
<controlfield tag="008">"060809 2006                        eng  "</controlfield>
<datafield tag="022" ind1="#" ind2="#">
<subfield code="$a">2317-0190</subfield>
</datafield>
<datafield tag="022" ind1="#" ind2="#">
<subfield code="$a">0104-7795</subfield>
</datafield>
<datafield tag="042" ind1=" " ind2=" ">
<subfield code="a">dc</subfield>
</datafield>
<datafield tag="245" ind1="0" ind2="0">
<subfield code="a">Identificação de broncoaspiração por disfagia orofaríngea em pacientes com pneumonia comunitária</subfield>
</datafield>  <datafield tag="720" ind1="1" ind2=" ">
<subfield code="a">Carvalho, Yonatta Salarini Vieira</subfield>
<subfield code="u">Universidade Federal do Rio de Janeiro</subfield></datafield>
<datafield tag="720" ind1="1" ind2=" ">
<subfield code="a">Xerez, Denise Rodrigues</subfield>
<subfield code="u">Universidade Federal do Rio de Janeiro</subfield></datafield>
<datafield tag="720" ind1="1" ind2=" ">
<subfield code="a">Araújo, Abelardo Queirós Campos de</subfield>
<subfield code="u">Universidade Federal do Rio de Janeiro</subfield></datafield>
<datafield tag="520" ind1=" " ind2=" ">
<subfield code="a"> A pneumonia é uma inflamação do parênquima pulmonar resultante do processo infeccioso ou inflamatório, responsável por 5% do total das mortes notificadas no mundo, instalando-se geralmente em indivíduos cujos mecanismos de defesa encontram-se comprometidos. A relação estreita entre as alterações da deglutição e a predisposição para pneumonias bacterianas de repetição e sua associação com desordens neuromusculares tem sido objeto constante de pesquisas. Objetivo: propor um protocolo clínico para detecção de broncoaspiração entre pacientes com pneumonia sem realização de videofluoroscopia. Metodologia: 70 pacientes com média de idade de 67,5±16,3 anos, foram submetidos a 2 protocolos de avaliação da deglutição validados na literatura: Tohara (2003) e Xerez (2002). Resultados: Foram considerados aspiradores pelo exame clínico 62,9% (44/70). Ser classificado aspirador pelo exame clínico mostrou correlação estatística significativa com a presença de doença neurológica e redução do estado de alerta (p&lt;0,001). Conclusão: o exame clínico foi capaz de detectar os pacientes em risco para pneumonia aspirativa. A presença da associação de fatores deve levar a equipe a adotar cautela maior no manuseio da alimentação do paciente com pneumonia que pode ser de origem aspirativa. </subfield>
</datafield>
<datafield tag="260" ind1=" " ind2=" ">
<subfield code="b">Faculdade de Medicina, Universidade de São Paulo</subfield>
</datafield>
<dataField tag="260" ind1=" " ind2=" ">
<subfield code="c">2006-08-09 00:00:00</subfield>
</dataField>   <datafield tag="856" ind1=" " ind2=" ">
<subfield code="q">application/pdf</subfield>
</datafield>
<datafield tag="856" ind1=" " ind2=" ">
<subfield code="q">application/pdf</subfield>
</datafield>
<datafield tag="856" ind1="4" ind2="0">
<subfield code="u">https://www.revistas.usp.br/actafisiatrica/article/view/102578</subfield>
</datafield>  <datafield tag="786" ind1="0" ind2=" ">
<subfield code="n">Acta Fisiátrica; v. 13 n. 2 (2006)</subfield>
</datafield>  <datafield tag="546" ind1=" " ind2=" ">
<subfield code="a">por</subfield>
</datafield>   <datafield tag="540" ind1=" " ind2=" ">
<subfield code="a">Copyright (c) 2006 Acta Fisiátrica</subfield>
</datafield>
</record>
</metadata>
</record>
<record>
<header status="deleted">
<identifier>oai:revistas.usp.br:article/102579</identifier>
<datestamp>2019-10-17T19:28:47Z</datestamp>
<setSpec>actafisiatrica:Art.+Orig.</setSpec>
</header>
</record>