
<record>
<header>
<identifier>oai:revistas.usp.br:article/102582</identifier>
<datestamp>2020-08-15T21:36:27Z</datestamp>
<setSpec>actafisiatrica:Art.+Orig.</setSpec>
<setSpec>driver</setSpec>
</header>
<metadata>
<record xmlns="http://www.loc.gov/MARC21/slim" xmlns:xsi="http://www.w3.org/2001/XMLSchema-instance" xsi:schemaLocation="http://www.loc.gov/MARC21/slim http://www.loc.gov/standards/marcxml/schema/MARC21slim.xsd">
<leader>     nmb a2200000Iu 4500</leader>
<controlfield tag="008">"060809 2006                        eng  "</controlfield>
<datafield tag="022" ind1="#" ind2="#">
<subfield code="$a">2317-0190</subfield>
</datafield>
<datafield tag="022" ind1="#" ind2="#">
<subfield code="$a">0104-7795</subfield>
</datafield>
<datafield tag="042" ind1=" " ind2=" ">
<subfield code="a">dc</subfield>
</datafield>
<datafield tag="245" ind1="0" ind2="0">
<subfield code="a">Avaliação longitudinal da Escola de Postura para dor lombar crônica através da aplicação dos questionários Roland Morris e Short Form Health Survey (SF-36)</subfield>
</datafield>  <datafield tag="720" ind1="1" ind2=" ">
<subfield code="a">Tsukimoto, Gracinda Rodrigues</subfield>
<subfield code="u">Universiade de São Paulo. Faculdade de Medicina</subfield></datafield>
<datafield tag="720" ind1="1" ind2=" ">
<subfield code="a">Riberto, Marcelo</subfield>
<subfield code="u">Universiade de São Paulo. Faculdade de Medicina</subfield><subfield code="0">https://orcid.org/0000-0001-9549-8830</subfield></datafield>
<datafield tag="720" ind1="1" ind2=" ">
<subfield code="a">Brito, Carlos Alexandrino de</subfield>
<subfield code="u">Universiade de São Paulo. Faculdade de Medicina</subfield></datafield>
<datafield tag="720" ind1="1" ind2=" ">
<subfield code="a">Battistella, Linamara Rizzo</subfield>
<subfield code="u">Universiade de São Paulo. Faculdade de Medicina</subfield><subfield code="0">https://orcid.org/0000-0001-5275-0733</subfield></datafield>
<datafield tag="520" ind1=" " ind2=" ">
<subfield code="a"> O objetivo desse trabalho foi analisar quantitativamente a resposta ao tratamento dos pacientes com dor lombar crônica atendidos pela “Escola de Postura” da DMR-HCFMUSP no período de outubro de 2001 a julho 2004, usando os questionários Roland-Morris (RM) e Short Form Health Survey (SF-36). A intensidade da queixa dolorosa foi avaliada pela Escala Visual Analógica (EVA). A amostra inicial foi composta por 244 prontuários de pacientes encaminhados e avaliados para a Escola de Postura no período de outubro de 2001 a julho de 2004, tendo completado o programa 110 pacientes desse total. Algum dados referentes a estes pacientes foram coletados, tais como: diagnósticos etiológico, tempo de evolução da doença e origem do encaminhamento; dados sócio-demográficos como sexo, idade, escolaridade, estado civil, ocupação; e, também, o comparecimento aos retornos após o primeiro mês, quarto mês, e um ano a contar da avaliação inicial. Observou-se que os indivíduos que concluíram a Escola de Postura apresentaram melhora significativa nos domínios do SF-36 para Capacidade Funcional, Aspectos Físicos, Dor, Estado Geral de Saúde, Vitalidade, bem como na avaliação pela EVA e questionário RM. Não foram observados ganhos estatisticamente significantes nos domínios Aspectos Sociais, Emocionais e Saúde Mental. Cabendo ressaltar que o período de alcance da Escola de Postura, não possibilita afirmar mudanças significativas quanto a aspectos afetivo-emocionais e novas posturas em seu relacionamento social. Novos estudos, quantitativos e qualitativos devem ser realizados de maneira a oferecer subsídios á equipe multiprofissional da Escola de Postura que permitam operar mudanças e ampliar recursos terapêuticos se necessário. </subfield>
</datafield>
<datafield tag="260" ind1=" " ind2=" ">
<subfield code="b">Faculdade de Medicina, Universidade de São Paulo</subfield>
</datafield>
<dataField tag="260" ind1=" " ind2=" ">
<subfield code="c">2006-08-09 00:00:00</subfield>
</dataField>   <datafield tag="856" ind1=" " ind2=" ">
<subfield code="q">application/pdf</subfield>
</datafield>
<datafield tag="856" ind1=" " ind2=" ">
<subfield code="q">application/pdf</subfield>
</datafield>
<datafield tag="856" ind1="4" ind2="0">
<subfield code="u">https://www.revistas.usp.br/actafisiatrica/article/view/102582</subfield>
</datafield>  <datafield tag="786" ind1="0" ind2=" ">
<subfield code="n">Acta Fisiátrica; v. 13 n. 2 (2006)</subfield>
</datafield>  <datafield tag="546" ind1=" " ind2=" ">
<subfield code="a">por</subfield>
</datafield>   <datafield tag="540" ind1=" " ind2=" ">
<subfield code="a">Copyright (c) 2006 Acta Fisiátrica</subfield>
</datafield>
</record>
</metadata>
</record>
<record>
<header status="deleted">
<identifier>oai:revistas.usp.br:article/102583</identifier>
<datestamp>2019-10-17T20:07:00Z</datestamp>
<setSpec>actafisiatrica:Art.+Orig.</setSpec>
</header>
</record>