
<record>
<header>
<identifier>oai:revistas.usp.br:article/102584</identifier>
<datestamp>2020-08-15T21:36:31Z</datestamp>
<setSpec>actafisiatrica:Art.+Orig.</setSpec>
<setSpec>driver</setSpec>
</header>
<metadata>
<record xmlns="http://www.loc.gov/MARC21/slim" xmlns:xsi="http://www.w3.org/2001/XMLSchema-instance" xsi:schemaLocation="http://www.loc.gov/MARC21/slim http://www.loc.gov/standards/marcxml/schema/MARC21slim.xsd">
<leader>     nmb a2200000Iu 4500</leader>
<controlfield tag="008">"060809 2006                        eng  "</controlfield>
<datafield tag="022" ind1="#" ind2="#">
<subfield code="$a">2317-0190</subfield>
</datafield>
<datafield tag="022" ind1="#" ind2="#">
<subfield code="$a">0104-7795</subfield>
</datafield>
<datafield tag="042" ind1=" " ind2=" ">
<subfield code="a">dc</subfield>
</datafield>
<datafield tag="245" ind1="0" ind2="0">
<subfield code="a">Estudo da associação entre dor patelofemoral e retropé varo</subfield>
</datafield>  <datafield tag="720" ind1="1" ind2=" ">
<subfield code="a">Venturini, Claudia</subfield>
<subfield code="u">Universidade Federal de Minas Gerais</subfield></datafield>
<datafield tag="720" ind1="1" ind2=" ">
<subfield code="a">Morato, Flávio</subfield>
</datafield>
<datafield tag="720" ind1="1" ind2=" ">
<subfield code="a">Michetti, Henrique</subfield>
</datafield>
<datafield tag="720" ind1="1" ind2=" ">
<subfield code="a">Russo, Mayra</subfield>
</datafield>
<datafield tag="720" ind1="1" ind2=" ">
<subfield code="a">Carvalho, Vanice de Paula</subfield>
</datafield>
<datafield tag="520" ind1=" " ind2=" ">
<subfield code="a">A dor patelofemoral, também denominada dor anterior do joelho está presente em 25% da população, onde 36% são adolescentes e com maior prevalência no sexo feminino e atletas. Objetivo: Verificar a associação entre a presença de retropé varo a partir da posição neutra da subtalar e a dor patelofemoral. Métodos: Foram recrutados 10 voluntários com dor patelofemoral unilateral ou bilateral. Os voluntários foram submetidos à avaliação do alinhamento do retropé a partir da posição neutra da subtalar. Para isso, os voluntários foram posicionados em decúbito ventral, com o pé pendente para fora da mesa. Os ângulos formado pelas retas que dividem as pernas e os calcâneos ao meio foram medidas através de um goniômetro universal. O teste de Fisher foi utilizado para verificar a associação entre dor patelofemoral e varismo de retropé maior ou igual ou menor que 8 graus. Resultados: Os resultados do presente estudo demonstraram que todos os membros com grau de retropé maior que 8 (75%) apresentavam dor, totalizando 15 joelhos. Já os joelhos avaliados com retropé menor ou igual a 8; 2 (10%) apresentavam dor e 3 (15%) não apresentaram dor. Associação estatisticamente significativa entre o grau de retropé e a presença de dor foram encontrados (p= 0,009). Discussão: O varismo de retropé leva a pronação excessiva da subtalar associada à rotação interna da tíbia com conseqüente alteração do alinhamento do membro inferior e dor patelofemoral, Conclusão: Os resultados desse estudo sugerem que existe a associação entre o retropé varo e a dor patelofemoral. </subfield>
</datafield>
<datafield tag="260" ind1=" " ind2=" ">
<subfield code="b">Faculdade de Medicina, Universidade de São Paulo</subfield>
</datafield>
<dataField tag="260" ind1=" " ind2=" ">
<subfield code="c">2006-08-09 00:00:00</subfield>
</dataField>   <datafield tag="856" ind1=" " ind2=" ">
<subfield code="q">application/pdf</subfield>
</datafield>
<datafield tag="856" ind1=" " ind2=" ">
<subfield code="q">application/pdf</subfield>
</datafield>
<datafield tag="856" ind1="4" ind2="0">
<subfield code="u">https://www.revistas.usp.br/actafisiatrica/article/view/102584</subfield>
</datafield>  <datafield tag="786" ind1="0" ind2=" ">
<subfield code="n">Acta Fisiátrica; v. 13 n. 2 (2006)</subfield>
</datafield>  <datafield tag="546" ind1=" " ind2=" ">
<subfield code="a">por</subfield>
</datafield>   <datafield tag="540" ind1=" " ind2=" ">
<subfield code="a">Copyright (c) 2006 Acta Fisiátrica</subfield>
</datafield>
</record>
</metadata>
</record>
<record>
<header status="deleted">
<identifier>oai:revistas.usp.br:article/102585</identifier>
<datestamp>2019-10-17T20:08:21Z</datestamp>
<setSpec>actafisiatrica:Art.+Rev.</setSpec>
</header>
</record>