
<record>
<header>
<identifier>oai:revistas.usp.br:article/102586</identifier>
<datestamp>2020-08-15T21:36:34Z</datestamp>
<setSpec>actafisiatrica:Art.+Orig.</setSpec>
<setSpec>driver</setSpec>
</header>
<metadata>
<record xmlns="http://www.loc.gov/MARC21/slim" xmlns:xsi="http://www.w3.org/2001/XMLSchema-instance" xsi:schemaLocation="http://www.loc.gov/MARC21/slim http://www.loc.gov/standards/marcxml/schema/MARC21slim.xsd">
<leader>     nmb a2200000Iu 4500</leader>
<controlfield tag="008">"060809 2006                        eng  "</controlfield>
<datafield tag="022" ind1="#" ind2="#">
<subfield code="$a">2317-0190</subfield>
</datafield>
<datafield tag="022" ind1="#" ind2="#">
<subfield code="$a">0104-7795</subfield>
</datafield>
<datafield tag="042" ind1=" " ind2=" ">
<subfield code="a">dc</subfield>
</datafield>
<datafield tag="245" ind1="0" ind2="0">
<subfield code="a">Aplicação da versão brasileira do questionário de dor Mcgill em idosos com dor crônica</subfield>
</datafield>  <datafield tag="720" ind1="1" ind2=" ">
<subfield code="a">Santos, Clarissa Cardoso dos</subfield>
<subfield code="u">Universidade Federal de Minas Gerais</subfield></datafield>
<datafield tag="720" ind1="1" ind2=" ">
<subfield code="a">Pereira, Leani Souza Máximo</subfield>
<subfield code="u">Universidade Federal de Minas Gerais</subfield></datafield>
<datafield tag="720" ind1="1" ind2=" ">
<subfield code="a">Resende, Marcos Antônio de</subfield>
<subfield code="u">Universidade Federal de Minas Gerais</subfield></datafield>
<datafield tag="720" ind1="1" ind2=" ">
<subfield code="a">Magno, Frederico</subfield>
</datafield>
<datafield tag="720" ind1="1" ind2=" ">
<subfield code="a">Aguiar, Vanessa</subfield>
</datafield>
<datafield tag="520" ind1=" " ind2=" ">
<subfield code="a"> A dor crônica é uma experiência multidimensional que envolve aspectos sensório-perceptual, afetivo-motivacional e cognitivo-avaliativo que se interagem e contribuem para a resposta dolorosa final. As alterações características do processo do envelhecimento em cada um desses aspectos podem interferir na experiência da dor, dificultando a sua avaliação adequada. O uso de uma escala multidimensional como o Questionário de dor McGill (MPQ) possibilita uma avaliação mais adequada desse sintoma. Os objetivos desse estudo foram verificar a confiabilidade intra e inter examinadores da aplicação do Br-MPQ em idosos com dor crônica em decorrência de doenças ortopédicas e neurológicas.Participaram desse estudo 19 idosos com doenças ortopédicas (71,21 ± 7,51 anos) e 19 idosos com doenças neurológicas (69,79 ± 5,30 anos) apresentando o diagnóstico de dor crônica, encaminhados pelo serviço médico, sem alterações cognitivas. A confiabilidade geral intra e interexaminadores nos idosos com doenças ortopédicas foram 0,86 e 0,89, respectivamente, e para idosos com doenças neurológicas de 0,71 e 0,68, respectivamente (Spearman, p&lt;0,05). Os resultados mostraram que o Br-MPQ foi de fácil aplicação (8,54 ± 2,35 minutos) nessa amostra. O presente estudo demonstrou que o Br-MPQ pode ser mais adequado para avaliar a dor crônica em idosos, uma vez que a percepção desse sintoma está mais relacionada aos aspectos sensoriais, afetivos e cognitivo-avaliativos e não somente à intensidade. </subfield>
</datafield>
<datafield tag="260" ind1=" " ind2=" ">
<subfield code="b">Faculdade de Medicina, Universidade de São Paulo</subfield>
</datafield>
<dataField tag="260" ind1=" " ind2=" ">
<subfield code="c">2006-08-09 00:00:00</subfield>
</dataField>   <datafield tag="856" ind1=" " ind2=" ">
<subfield code="q">application/pdf</subfield>
</datafield>
<datafield tag="856" ind1=" " ind2=" ">
<subfield code="q">application/pdf</subfield>
</datafield>
<datafield tag="856" ind1="4" ind2="0">
<subfield code="u">https://www.revistas.usp.br/actafisiatrica/article/view/102586</subfield>
</datafield>  <datafield tag="786" ind1="0" ind2=" ">
<subfield code="n">Acta Fisiátrica; v. 13 n. 2 (2006)</subfield>
</datafield>  <datafield tag="546" ind1=" " ind2=" ">
<subfield code="a">por</subfield>
</datafield>   <datafield tag="540" ind1=" " ind2=" ">
<subfield code="a">Copyright (c) 2006 Acta Fisiátrica</subfield>
</datafield>
</record>
</metadata>
</record>
<record>
<header status="deleted">
<identifier>oai:revistas.usp.br:article/102587</identifier>
<datestamp>2019-10-17T20:07:08Z</datestamp>
<setSpec>actafisiatrica:Art.+Orig.</setSpec>
</header>
</record>