
<record>
<header>
<identifier>oai:revistas.usp.br:article/102588</identifier>
<datestamp>2020-08-15T21:36:38Z</datestamp>
<setSpec>actafisiatrica:Art.+Orig.</setSpec>
<setSpec>driver</setSpec>
</header>
<metadata>
<record xmlns="http://www.loc.gov/MARC21/slim" xmlns:xsi="http://www.w3.org/2001/XMLSchema-instance" xsi:schemaLocation="http://www.loc.gov/MARC21/slim http://www.loc.gov/standards/marcxml/schema/MARC21slim.xsd">
<leader>     nmb a2200000Iu 4500</leader>
<controlfield tag="008">"060809 2006                        eng  "</controlfield>
<datafield tag="022" ind1="#" ind2="#">
<subfield code="$a">2317-0190</subfield>
</datafield>
<datafield tag="022" ind1="#" ind2="#">
<subfield code="$a">0104-7795</subfield>
</datafield>
<datafield tag="042" ind1=" " ind2=" ">
<subfield code="a">dc</subfield>
</datafield>
<datafield tag="245" ind1="0" ind2="0">
<subfield code="a">A interferência dos aspectos percepto-cognitivos nas atividades de vida diária e nas atividades instrumentais de vida diária, em clientes com sequelas por lesão neurológica</subfield>
</datafield>  <datafield tag="100" ind1="1" ind2=" ">
<subfield code="a">Conti, Juliana</subfield>
<subfield code="u">Universidade de São Paulo. Faculdade de Medicina</subfield></datafield>
<datafield tag="520" ind1=" " ind2=" ">
<subfield code="a"> Este artigo é um levantamento bibliográfico sobre a interferência dos aspectos percepto-cognitivos durante a realização das atividades de vida diária (AVDs) e atividades instrumentais de vida diária (AIVDs) em clientes com seqüelas por lesão neurológica. Com o objetivo de indicar o quanto esses déficits interferem na reabilitação do cliente e no retorno às atividades cotidianas, o artigo mostra que essas atividades — que aparentemente são simples e já conhecidas por eles — têm de ser aprendidas outra vez. Por outro lado, o artigo revela que não apenas esses aspectos interferem nessas tarefas durante o tratamento e no final dele (no qual o cliente apresentará uma maior ou menor independência), mas também há fatores — como os motores, emocionais, culturais, sociais, econômicos e principalmente a família — que influenciarão de maneira positiva ou negativa o cliente e seu processo de reabilitação. Para ilustrar esta pesquisa, foram apresentados três casos clínicos atendidos no serviço de Terapia Ocupacional. </subfield>
</datafield>
<datafield tag="260" ind1=" " ind2=" ">
<subfield code="b">Faculdade de Medicina, Universidade de São Paulo</subfield>
</datafield>
<dataField tag="260" ind1=" " ind2=" ">
<subfield code="c">2006-08-09 00:00:00</subfield>
</dataField>   <datafield tag="856" ind1=" " ind2=" ">
<subfield code="q">application/pdf</subfield>
</datafield>
<datafield tag="856" ind1=" " ind2=" ">
<subfield code="q">application/pdf</subfield>
</datafield>
<datafield tag="856" ind1="4" ind2="0">
<subfield code="u">https://www.revistas.usp.br/actafisiatrica/article/view/102588</subfield>
</datafield>  <datafield tag="786" ind1="0" ind2=" ">
<subfield code="n">Acta Fisiátrica; v. 13 n. 2 (2006)</subfield>
</datafield>  <datafield tag="546" ind1=" " ind2=" ">
<subfield code="a">por</subfield>
</datafield>   <datafield tag="540" ind1=" " ind2=" ">
<subfield code="a">Copyright (c) 2006 Acta Fisiátrica</subfield>
</datafield>
</record>
</metadata>
</record>
<record>
<header status="deleted">
<identifier>oai:revistas.usp.br:article/102589</identifier>
<datestamp>2019-10-17T20:07:23Z</datestamp>
<setSpec>actafisiatrica:Art.+Orig.</setSpec>
</header>
</record>