
<record>
<header>
<identifier>oai:revistas.usp.br:article/102591</identifier>
<datestamp>2020-08-15T21:36:45Z</datestamp>
<setSpec>actafisiatrica:Art.+Orig.</setSpec>
<setSpec>driver</setSpec>
</header>
<metadata>
<record xmlns="http://www.loc.gov/MARC21/slim" xmlns:xsi="http://www.w3.org/2001/XMLSchema-instance" xsi:schemaLocation="http://www.loc.gov/MARC21/slim http://www.loc.gov/standards/marcxml/schema/MARC21slim.xsd">
<leader>     nmb a2200000Iu 4500</leader>
<controlfield tag="008">"060809 2006                        eng  "</controlfield>
<datafield tag="022" ind1="#" ind2="#">
<subfield code="$a">2317-0190</subfield>
</datafield>
<datafield tag="022" ind1="#" ind2="#">
<subfield code="$a">0104-7795</subfield>
</datafield>
<datafield tag="042" ind1=" " ind2=" ">
<subfield code="a">dc</subfield>
</datafield>
<datafield tag="245" ind1="0" ind2="0">
<subfield code="a">Habilidades funcionais de comunicação: idoso saudável</subfield>
</datafield>  <datafield tag="720" ind1="1" ind2=" ">
<subfield code="a">Garcia, Flavia Helena Alves</subfield>
<subfield code="u">Universidade de São Paulo. Faculdade de Medicina</subfield></datafield>
<datafield tag="720" ind1="1" ind2=" ">
<subfield code="a">Mansur, Letícia Lessa</subfield>
<subfield code="u">Universidade de São Paulo. Faculdade de Medicina</subfield></datafield>
<datafield tag="520" ind1=" " ind2=" ">
<subfield code="a"> O Questionário de Habilidades Funcionais de Comunicação (ASHA-Facs) é um instrumento básico de avaliação das habilidades comunicativas no ambiente natural do indivíduo, considerando compensações, adaptações e tempo necessário para a comunicação. Pode ser usado como complemento das avaliações tradicionais de linguagem para planejar orientações ao cuidador, ajudar ao clínico nas decisões e registrar estabilização de doenças ou progresso de quadros patológicos. Este artigo caracteriza o perfil comunicativo funcional do idoso saudável a partir do questionário ASHA-Facs. Sessenta e seis idosos saudáveis foram avaliados por meio de seus cuidadores (familiares). O questionário é composto de 43 itens divididos em quatro domínios: 21 itens sobre comunicação social, 7 itens de comunicação de necessidades básicas, 10 itens de leitura, escrita e conceitos numéricos e 5 itens de planejamento diário. O questionário fornece informações quantitativas em uma escala de sete pontos (sendo pontuação 7 para o indivíduo que não necessita de ajuda para realizar a atividade e pontuação 1 se houver necessidade de ajuda máxima). O desempenho dos idosos no ASHA-Facs mostrou que os idosos saudáveis atuam melhor em Comunicação Social e Necessidades Básicas. Isto sugere que os idosos compensam possíveis falhas na compreensão auditiva/expressão oral que possam ocorrer durante o declínio da função cognitiva que acontece no processo de envelhecimento normal. O desempenho no domínio de planejamento diário mostrou dificuldades nas funções executivas de planejamento e organização. Ainda, houve uma importante correlação entre a comunicação funcional e a escolaridade. </subfield>
</datafield>
<datafield tag="260" ind1=" " ind2=" ">
<subfield code="b">Faculdade de Medicina, Universidade de São Paulo</subfield>
</datafield>
<dataField tag="260" ind1=" " ind2=" ">
<subfield code="c">2006-08-09 00:00:00</subfield>
</dataField>   <datafield tag="856" ind1=" " ind2=" ">
<subfield code="q">application/pdf</subfield>
</datafield>
<datafield tag="856" ind1=" " ind2=" ">
<subfield code="q">application/pdf</subfield>
</datafield>
<datafield tag="856" ind1="4" ind2="0">
<subfield code="u">https://www.revistas.usp.br/actafisiatrica/article/view/102591</subfield>
</datafield>  <datafield tag="786" ind1="0" ind2=" ">
<subfield code="n">Acta Fisiátrica; v. 13 n. 2 (2006)</subfield>
</datafield>  <datafield tag="546" ind1=" " ind2=" ">
<subfield code="a">por</subfield>
</datafield>   <datafield tag="540" ind1=" " ind2=" ">
<subfield code="a">Copyright (c) 2006 Acta Fisiátrica</subfield>
</datafield>
</record>
</metadata>
</record>
<record>
<header status="deleted">
<identifier>oai:revistas.usp.br:article/102592</identifier>
<datestamp>2019-10-17T20:07:31Z</datestamp>
<setSpec>actafisiatrica:Art.+Orig.</setSpec>
</header>
</record>