
<record>
<header>
<identifier>oai:revistas.usp.br:article/102593</identifier>
<datestamp>2020-08-15T21:36:52Z</datestamp>
<setSpec>actafisiatrica:Art.+Rev.</setSpec>
<setSpec>driver</setSpec>
</header>
<metadata>
<record xmlns="http://www.loc.gov/MARC21/slim" xmlns:xsi="http://www.w3.org/2001/XMLSchema-instance" xsi:schemaLocation="http://www.loc.gov/MARC21/slim http://www.loc.gov/standards/marcxml/schema/MARC21slim.xsd">
<leader>     nmb a2200000Iu 4500</leader>
<controlfield tag="008">"060809 2006                        eng  "</controlfield>
<datafield tag="022" ind1="#" ind2="#">
<subfield code="$a">2317-0190</subfield>
</datafield>
<datafield tag="022" ind1="#" ind2="#">
<subfield code="$a">0104-7795</subfield>
</datafield>
<datafield tag="042" ind1=" " ind2=" ">
<subfield code="a">dc</subfield>
</datafield>
<datafield tag="245" ind1="0" ind2="0">
<subfield code="a">Benefícios do treinamento com pesos para aptidão física de idosos</subfield>
</datafield>  <datafield tag="720" ind1="1" ind2=" ">
<subfield code="a">Dias, Raphael Mendes Ritti</subfield>
<subfield code="u">Universidade de São Paulo. Faculdade de Saúde Pública</subfield></datafield>
<datafield tag="720" ind1="1" ind2=" ">
<subfield code="a">Gurjão, André Luiz Demantova</subfield>
<subfield code="u">Universidade Estadual de Londrina</subfield></datafield>
<datafield tag="720" ind1="1" ind2=" ">
<subfield code="a">Marucci, Maria de Fátima Nunes</subfield>
<subfield code="u">Universidade de São Paulo. Faculdade de Saúde Pública</subfield></datafield>
<datafield tag="520" ind1=" " ind2=" ">
<subfield code="a"> O objetivo desta revisão é elucidar os benefícios do treinamento com pesos (TP) sobre quatro componentes da aptidão física (AF) fundamentais para a qualidade de vida de idosos: força, flexibilidade, equilíbrio e resistência aeróbia. Foi realizada pesquisa bibliográfica nas bases de dados PUBMED e LILACS. Foram selecionados estudos que incluíam no título os descritores: strength training, resistance training, strength, balance, flexibility, power, aerobic, older e elderly. Modificações na força muscular são observadas após poucas semanas de TP. Essa melhoria pode auxiliar não só na independência dos idosos, mas também na diminuição da incidência de quedas. Além disso, a prática sistematizada do TP promove melhoria na flexibilidade e na resistência aeróbia de idosos. As modificações no equilíbrio, após programas de TP, ainda não estão bem esclarecidas na literatura. Desta forma, o TP consiste numa importante ferramenta para a melhoria da AF de idosos, haja vista que promove adaptações na força muscular, flexibilidade e na resistência aeróbia. </subfield>
</datafield>
<datafield tag="260" ind1=" " ind2=" ">
<subfield code="b">Faculdade de Medicina, Universidade de São Paulo</subfield>
</datafield>
<dataField tag="260" ind1=" " ind2=" ">
<subfield code="c">2006-08-09 00:00:00</subfield>
</dataField>   <datafield tag="856" ind1=" " ind2=" ">
<subfield code="q">application/pdf</subfield>
</datafield>
<datafield tag="856" ind1=" " ind2=" ">
<subfield code="q">application/pdf</subfield>
</datafield>
<datafield tag="856" ind1="4" ind2="0">
<subfield code="u">https://www.revistas.usp.br/actafisiatrica/article/view/102593</subfield>
</datafield>  <datafield tag="786" ind1="0" ind2=" ">
<subfield code="n">Acta Fisiátrica; v. 13 n. 2 (2006)</subfield>
</datafield>  <datafield tag="546" ind1=" " ind2=" ">
<subfield code="a">por</subfield>
</datafield>   <datafield tag="540" ind1=" " ind2=" ">
<subfield code="a">Copyright (c) 2006 Acta Fisiátrica</subfield>
</datafield>
</record>
</metadata>
</record>
<record>
<header status="deleted">
<identifier>oai:revistas.usp.br:article/102594</identifier>
<datestamp>2019-10-17T20:08:28Z</datestamp>
<setSpec>actafisiatrica:Art.+Rev.</setSpec>
</header>
</record>