
<record>
<header>
<identifier>oai:revistas.usp.br:article/102595</identifier>
<datestamp>2020-08-15T21:36:56Z</datestamp>
<setSpec>actafisiatrica:Art.+Rev.</setSpec>
<setSpec>driver</setSpec>
</header>
<metadata>
<record xmlns="http://www.loc.gov/MARC21/slim" xmlns:xsi="http://www.w3.org/2001/XMLSchema-instance" xsi:schemaLocation="http://www.loc.gov/MARC21/slim http://www.loc.gov/standards/marcxml/schema/MARC21slim.xsd">
<leader>     nmb a2200000Iu 4500</leader>
<controlfield tag="008">"060809 2006                        eng  "</controlfield>
<datafield tag="022" ind1="#" ind2="#">
<subfield code="$a">2317-0190</subfield>
</datafield>
<datafield tag="022" ind1="#" ind2="#">
<subfield code="$a">0104-7795</subfield>
</datafield>
<datafield tag="042" ind1=" " ind2=" ">
<subfield code="a">dc</subfield>
</datafield>
<datafield tag="245" ind1="0" ind2="0">
<subfield code="a">Exercícios resistidos em idosos portadores de insuficiência arterial periférica</subfield>
</datafield>  <datafield tag="720" ind1="1" ind2=" ">
<subfield code="a">Câmara, Lucas Caseri</subfield>
<subfield code="u">Universidade de São Paulo. Faculdade de Medicina</subfield></datafield>
<datafield tag="720" ind1="1" ind2=" ">
<subfield code="a">Santarém Sobrinho, José Maria</subfield>
<subfield code="u">Universidade de São Paulo. Faculdade de Medicina</subfield></datafield>
<datafield tag="720" ind1="1" ind2=" ">
<subfield code="a">Jacob Filho, Wilson</subfield>
<subfield code="u">Universidade de São Paulo. Faculdade de Medicina</subfield></datafield>
<datafield tag="720" ind1="1" ind2=" ">
<subfield code="a">Kuwakino, Marcelo Hisato</subfield>
<subfield code="u">Universidade de São Paulo. Faculdade de Medicina</subfield></datafield>
<datafield tag="520" ind1=" " ind2=" ">
<subfield code="a"> O envelhecimento da população mundial propiciou o incremento das doenças crônico degenerativas, colocando a comunidade científica diante de um grande desafio na busca e escolha dos melhores e mais econômicos tratamentos. A doença arterial periférica, que surge como complicação da aterosclerose, apresenta incidência que aumenta linearmente com o avançar da idade, somando-se, portanto, a diversas outras patologias que já acometem este grupo populacional. A documentação dos benefícios em custo e eficácia, da utilização de exercícios como indicação primária para o tratamento de pacientes idosos, tornou-se excelente alternativa para este grupo populacional, que já utiliza diversas medicações, devido a outras doenças crônicas. Os benefícios dos exercícios resistidos foram ainda pouco explorados como forma isolada de tratamento da doença arterial periférica em idosos, mas já deixam indícios que esta forma de exercícios pode e deve ser utilizada para o tratamento da patologia referida, pois pode reverter ou retardar as concomitantes alterações degenerativas que acometem seus portadores, diminuindo de forma significativa as muitas limitações impostas pela doença em associação com o envelhecimento sedentário. </subfield>
</datafield>
<datafield tag="260" ind1=" " ind2=" ">
<subfield code="b">Faculdade de Medicina, Universidade de São Paulo</subfield>
</datafield>
<dataField tag="260" ind1=" " ind2=" ">
<subfield code="c">2006-08-09 00:00:00</subfield>
</dataField>   <datafield tag="856" ind1=" " ind2=" ">
<subfield code="q">application/pdf</subfield>
</datafield>
<datafield tag="856" ind1=" " ind2=" ">
<subfield code="q">application/pdf</subfield>
</datafield>
<datafield tag="856" ind1="4" ind2="0">
<subfield code="u">https://www.revistas.usp.br/actafisiatrica/article/view/102595</subfield>
</datafield>  <datafield tag="786" ind1="0" ind2=" ">
<subfield code="n">Acta Fisiátrica; v. 13 n. 2 (2006)</subfield>
</datafield>  <datafield tag="546" ind1=" " ind2=" ">
<subfield code="a">por</subfield>
</datafield>   <datafield tag="540" ind1=" " ind2=" ">
<subfield code="a">Copyright (c) 2006 Acta Fisiátrica</subfield>
</datafield>
</record>
</metadata>
</record>
<record>
<header status="deleted">
<identifier>oai:revistas.usp.br:article/102596</identifier>
<datestamp>2019-10-17T20:08:02Z</datestamp>
<setSpec>actafisiatrica:Art.+Rev.</setSpec>
</header>
</record>