
<record>
<header>
<identifier>oai:revistas.usp.br:article/102597</identifier>
<datestamp>2020-08-15T21:37:01Z</datestamp>
<setSpec>actafisiatrica:Rel.+Caso</setSpec>
<setSpec>driver</setSpec>
</header>
<metadata>
<record xmlns="http://www.loc.gov/MARC21/slim" xmlns:xsi="http://www.w3.org/2001/XMLSchema-instance" xsi:schemaLocation="http://www.loc.gov/MARC21/slim http://www.loc.gov/standards/marcxml/schema/MARC21slim.xsd">
<leader>     nmb a2200000Iu 4500</leader>
<controlfield tag="008">"060809 2006                        eng  "</controlfield>
<datafield tag="022" ind1="#" ind2="#">
<subfield code="$a">2317-0190</subfield>
</datafield>
<datafield tag="022" ind1="#" ind2="#">
<subfield code="$a">0104-7795</subfield>
</datafield>
<datafield tag="042" ind1=" " ind2=" ">
<subfield code="a">dc</subfield>
</datafield>
<datafield tag="245" ind1="0" ind2="0">
<subfield code="a">O efeito da técnica de reeducação postural global em um paciente com hemiparesia após acidente vascular encefálico</subfield>
</datafield>  <datafield tag="720" ind1="1" ind2=" ">
<subfield code="a">Gomes, Bruna Moreira</subfield>
<subfield code="u">Universidade de Mogi das Cruzes</subfield></datafield>
<datafield tag="720" ind1="1" ind2=" ">
<subfield code="a">Nardoni, Grace Cristina Gomes</subfield>
<subfield code="u">Universidade de Mogi das Cruzes</subfield></datafield>
<datafield tag="720" ind1="1" ind2=" ">
<subfield code="a">Lopes, Priscila Garcia</subfield>
<subfield code="u">Universidade de Mogi das Cruzes</subfield></datafield>
<datafield tag="720" ind1="1" ind2=" ">
<subfield code="a">Godoy, Ewerson de</subfield>
<subfield code="u">Universidade de Mogi das Cruzes</subfield></datafield>
<datafield tag="520" ind1=" " ind2=" ">
<subfield code="a"> A disfunção motora mais evidente do acidente vascular encefálico (AVE) é a hemiparesia. Os pacientes hemiparéticos apresentam uma tendência em manter-se em uma posição de assimetria postural. O objetivo deste trabalho foi avaliar e tratar as alterações posturais em um paciente portador de hemiparesia após um acidente vascular encefálico utilizando a técnica de Reeducação Postural Global (RPG). O participante foi um paciente hemiparético à direita, devido a um AVE há cinco anos, com boa cognição segundo o Mini Exame do Estado Mental e comprometimento motor moderado. Para avaliação postural foi utilizado o software Fisiologic. Foram aplicadas dez sessões com a técnica de RPG durante oito semanas. Embora o tratamento tenha sido enfatizado na inclinação pélvica e posicionamento da escápula os resultados apresentaram evoluções também quanto à base de apoio e segundo o relato do paciente, melhora no equilíbrio e na marcha. Concluiu-se que a técnica de RPG proporcionou resultados positivos em relação ao padrão postural do paciente hemiparético. </subfield>
</datafield>
<datafield tag="260" ind1=" " ind2=" ">
<subfield code="b">Faculdade de Medicina, Universidade de São Paulo</subfield>
</datafield>
<dataField tag="260" ind1=" " ind2=" ">
<subfield code="c">2006-08-09 00:00:00</subfield>
</dataField>   <datafield tag="856" ind1=" " ind2=" ">
<subfield code="q">application/pdf</subfield>
</datafield>
<datafield tag="856" ind1=" " ind2=" ">
<subfield code="q">application/pdf</subfield>
</datafield>
<datafield tag="856" ind1="4" ind2="0">
<subfield code="u">https://www.revistas.usp.br/actafisiatrica/article/view/102597</subfield>
</datafield>  <datafield tag="786" ind1="0" ind2=" ">
<subfield code="n">Acta Fisiátrica; v. 13 n. 2 (2006)</subfield>
</datafield>  <datafield tag="546" ind1=" " ind2=" ">
<subfield code="a">por</subfield>
</datafield>   <datafield tag="540" ind1=" " ind2=" ">
<subfield code="a">Copyright (c) 2006 Acta Fisiátrica</subfield>
</datafield>
</record>
</metadata>
</record>
<record>
<header status="deleted">
<identifier>oai:revistas.usp.br:article/102598</identifier>
<datestamp>2019-10-17T20:07:52Z</datestamp>
<setSpec>actafisiatrica:Rel.+Caso</setSpec>
</header>
</record>