
<record>
<header>
<identifier>oai:revistas.usp.br:article/102662</identifier>
<datestamp>2020-08-15T21:40:54Z</datestamp>
<setSpec>actafisiatrica:Art.+Orig.</setSpec>
<setSpec>driver</setSpec>
</header>
<metadata>
<record xmlns="http://www.loc.gov/MARC21/slim" xmlns:xsi="http://www.w3.org/2001/XMLSchema-instance" xsi:schemaLocation="http://www.loc.gov/MARC21/slim http://www.loc.gov/standards/marcxml/schema/MARC21slim.xsd">
<leader>     nmb a2200000Iu 4500</leader>
<controlfield tag="008">"061209 2006                        eng  "</controlfield>
<datafield tag="022" ind1="#" ind2="#">
<subfield code="$a">2317-0190</subfield>
</datafield>
<datafield tag="022" ind1="#" ind2="#">
<subfield code="$a">0104-7795</subfield>
</datafield>
<datafield tag="042" ind1=" " ind2=" ">
<subfield code="a">dc</subfield>
</datafield>
<datafield tag="245" ind1="0" ind2="0">
<subfield code="a">O paciente internado em um hospital geral encaminhado à Medicina Física: perfil epidemiológico e nível funcional</subfield>
</datafield>  <datafield tag="720" ind1="1" ind2=" ">
<subfield code="a">Jorge, Liliana Lourenço</subfield>
<subfield code="u">Instituto de Assistência Médica ao Servidor Público Estadual de São Paulo</subfield></datafield>
<datafield tag="720" ind1="1" ind2=" ">
<subfield code="a">Sugawara, André Tadeu</subfield>
<subfield code="u">Instituto de Assistência Médica ao Servidor Público Estadual de São Paulo</subfield></datafield>
<datafield tag="720" ind1="1" ind2=" ">
<subfield code="a">Carneiro, Margarida Sales Oliveira</subfield>
<subfield code="u">Instituto de Assistência Médica ao Servidor Público Estadual de São Paulo</subfield></datafield>
<datafield tag="520" ind1=" " ind2=" ">
<subfield code="a"> Os efeitos da hospitalização, somados a condições clínicas prévias, levam os pacientes internados à deterioração funcional e perda de independência em atividades cotidianas. Nesta situação, a reabilitação durante o período de internação exerce papel fundamental no controle e prevenção dos efeitos do imobilismo. Segundo estudos prévios, a população internada é predominantemente idosa e portadora de comorbidades. Contudo, havia poucos dados acerca dos níveis funcionais de pacientes oriundos de hospitais gerais e suas demandas para reabilitação. Este estudo buscou traçar o perfil epidemiológico e funcional da população internada em um hospital terciário, encaminhada à Medicina Física, por meio de Medida de Independência Funcional, escala da ASA e outros dados descritivos. O estudo constatou que a população é dependente funcionalmente, necessita de cuidador e é idosa. Há correlação entre MIF e ASA, indicando pior funcionalidade à medida que aumentam comorbidades. Acredita-se que os pacientes seriam beneficiados na internação caso fossem encaminhados à reabilitação; porém, o médico fisiatra não é conhecido entre os demais médicos e seu papel não está claro dentro das especialidades clínico-cirúrgicas desses hospitais. </subfield>
</datafield>
<datafield tag="260" ind1=" " ind2=" ">
<subfield code="b">Faculdade de Medicina, Universidade de São Paulo</subfield>
</datafield>
<dataField tag="260" ind1=" " ind2=" ">
<subfield code="c">2006-12-09 00:00:00</subfield>
</dataField>   <datafield tag="856" ind1=" " ind2=" ">
<subfield code="q">application/pdf</subfield>
</datafield>
<datafield tag="856" ind1="4" ind2="0">
<subfield code="u">https://www.revistas.usp.br/actafisiatrica/article/view/102662</subfield>
</datafield>  <datafield tag="786" ind1="0" ind2=" ">
<subfield code="n">Acta Fisiátrica; v. 13 n. 3 (2006)</subfield>
</datafield>  <datafield tag="546" ind1=" " ind2=" ">
<subfield code="a">por</subfield>
</datafield>   <datafield tag="540" ind1=" " ind2=" ">
<subfield code="a">Copyright (c) 2006 Acta Fisiátrica</subfield>
</datafield>
</record>
</metadata>
</record>