
<record>
<header>
<identifier>oai:revistas.usp.br:article/102731</identifier>
<datestamp>2020-08-15T21:41:30Z</datestamp>
<setSpec>actafisiatrica:Art.+Orig.</setSpec>
<setSpec>driver</setSpec>
</header>
<metadata>
<record xmlns="http://www.loc.gov/MARC21/slim" xmlns:xsi="http://www.w3.org/2001/XMLSchema-instance" xsi:schemaLocation="http://www.loc.gov/MARC21/slim http://www.loc.gov/standards/marcxml/schema/MARC21slim.xsd">
<leader>     nmb a2200000Iu 4500</leader>
<controlfield tag="008">"061209 2006                        eng  "</controlfield>
<datafield tag="022" ind1="#" ind2="#">
<subfield code="$a">2317-0190</subfield>
</datafield>
<datafield tag="022" ind1="#" ind2="#">
<subfield code="$a">0104-7795</subfield>
</datafield>
<datafield tag="042" ind1=" " ind2=" ">
<subfield code="a">dc</subfield>
</datafield>
<datafield tag="245" ind1="0" ind2="0">
<subfield code="a">Efeitos clínicos da acupuntura e infiltração periarticular de corticosteróides no tratamento de gonartrose</subfield>
</datafield>  <datafield tag="720" ind1="1" ind2=" ">
<subfield code="a">Plavsic, Aleksandra</subfield>
<subfield code="u">Military Medical Academy</subfield></datafield>
<datafield tag="720" ind1="1" ind2=" ">
<subfield code="a">Brdareski, Zorica</subfield>
<subfield code="u">Military Medical Academy</subfield></datafield>
<datafield tag="720" ind1="1" ind2=" ">
<subfield code="a">Djurovic, Aleksandar</subfield>
<subfield code="u">Military Medical Academy</subfield></datafield>
<datafield tag="520" ind1=" " ind2=" ">
<subfield code="a"> Gonartrose é uma das doenças degenerativas mais comuns. Dor, deficiência e deformidade articular são os sinais clínicos dominantes. Objetivo do estudo: Comparar o efeito clínico obtido com três diferentes modelos terapêuticos: 1. Acupuntura; 2. Infiltração local de corticosteróide; 3. Combinação de acupuntura e infiltração local de corticosteróide. Material e Métodos: Um estudo clínico prospectivo, aleatorizado, aberto incluiu 21 pacientes do sexo feminino em fase aguda de gonartrose. O diagnóstico foi feito através de exames clínicos e radiográficos. As pacientes foram divididas em três grupos: Grupo I: 7 pacientes com média de idade de 61,0 ± 6,8 anos, tratadas através de acupuntura com agulhas (pontas: Du20, Ex31, Ex32, St35, UB40, St44, UB60, Li4, Sp9,UB11), 10 tratamentos. Grupo II: 7 pacientes com 59,0 ± 10,1 anos, tratadas com infiltração de Betametasona – Diprofos, no primeiro dia de tratamento com abordagem frontal na parte lateral ou medial do tendão do músculo quadríceps. Grupo III: 7 pacientes, com 58,0 ± 6,07 anos, tratadas com uma combinação de infiltração inicial de Betametasona – Diprofos e acupuntura com agulhas, 10 tratamentos. A avaliação dos parâmetros de eficácia foi feita através dos seguintes parâmetros: 1. Dificuldades subjetivas – dor (Escala visual analógica – EVA de 0 a 100 mm); 2. tamanho do joelho, medido através do meio da patela em centímetros; 3. Amplitude de movimento articular (flexão), medida com um goniômetro. Todos esses parâmetros foram medidos no 1º, 8º e 21º dia de tratamento. ANOVA unifatorial, ANOVA de medida repetida e testes post hoc foram utilizados na análise estatística. Resultados: 1. Houve significativa melhora nos parâmetros de intensidade de dor e tamanho do joelho dentro dos grupos; ANOVA unifatorial,  p&lt;0,01; 2. Não houve melhora significativa no parâmetro de movimento articular dentro dos grupos; ANOVA unifatorial, p=0,528; 3. Houve melhoras significativas em todos os parâmetros (intensidade da dor, tamanho do joelho, movimento articular) nos três grupos; ANOVA de medida repetida, p&lt;0,01. Conclusão: O tratamento combinado de acupuntura e infiltração de corticosteróide tem melhor efetividade em intensidade da dor, tamanho do joelho e melhora do movimento articular em comparação com a monoterapia. </subfield>
</datafield>
<datafield tag="260" ind1=" " ind2=" ">
<subfield code="b">Faculdade de Medicina, Universidade de São Paulo</subfield>
</datafield>
<dataField tag="260" ind1=" " ind2=" ">
<subfield code="c">2006-12-09 00:00:00</subfield>
</dataField>   <datafield tag="856" ind1=" " ind2=" ">
<subfield code="q">application/pdf</subfield>
</datafield>
<datafield tag="856" ind1=" " ind2=" ">
<subfield code="q">application/pdf</subfield>
</datafield>
<datafield tag="856" ind1="4" ind2="0">
<subfield code="u">https://www.revistas.usp.br/actafisiatrica/article/view/102731</subfield>
</datafield>  <datafield tag="786" ind1="0" ind2=" ">
<subfield code="n">Acta Fisiátrica; v. 13 n. 3 (2006)</subfield>
</datafield>  <datafield tag="546" ind1=" " ind2=" ">
<subfield code="a">por</subfield>
</datafield>   <datafield tag="540" ind1=" " ind2=" ">
<subfield code="a">Copyright (c) 2006 Acta Fisiátrica</subfield>
</datafield>
</record>
</metadata>
</record>