
<record>
<header>
<identifier>oai:revistas.usp.br:article/102735</identifier>
<datestamp>2020-08-15T21:41:27Z</datestamp>
<setSpec>actafisiatrica:Art.+Orig.</setSpec>
<setSpec>driver</setSpec>
</header>
<metadata>
<record xmlns="http://www.loc.gov/MARC21/slim" xmlns:xsi="http://www.w3.org/2001/XMLSchema-instance" xsi:schemaLocation="http://www.loc.gov/MARC21/slim http://www.loc.gov/standards/marcxml/schema/MARC21slim.xsd">
<leader>     nmb a2200000Iu 4500</leader>
<controlfield tag="008">"061209 2006                        eng  "</controlfield>
<datafield tag="022" ind1="#" ind2="#">
<subfield code="$a">2317-0190</subfield>
</datafield>
<datafield tag="022" ind1="#" ind2="#">
<subfield code="$a">0104-7795</subfield>
</datafield>
<datafield tag="042" ind1=" " ind2=" ">
<subfield code="a">dc</subfield>
</datafield>
<datafield tag="245" ind1="0" ind2="0">
<subfield code="a">Alterações de comunicação e linguagem de pacientes portadores de lesão encefálica adquirida: estudo descritivo retrospectivo</subfield>
</datafield>  <datafield tag="720" ind1="1" ind2=" ">
<subfield code="a">Cecatto, Rebeca Boltes</subfield>
<subfield code="u">Centro de Reabilitação Umarizal</subfield></datafield>
<datafield tag="720" ind1="1" ind2=" ">
<subfield code="a">Jucá, Sueli Hamada</subfield>
<subfield code="u">Centro de Reabilitação Umarizal</subfield></datafield>
<datafield tag="720" ind1="1" ind2=" ">
<subfield code="a">Nacarato, Maria Inês</subfield>
<subfield code="u">Centro de Reabilitação Umarizal</subfield></datafield>
<datafield tag="720" ind1="1" ind2=" ">
<subfield code="a">Maeda, Fabiana Regina Giacomini</subfield>
<subfield code="u">Centro de Reabilitação Umarizal</subfield></datafield>
<datafield tag="720" ind1="1" ind2=" ">
<subfield code="a">Prieto, Fernanda Franco</subfield>
<subfield code="u">Centro de Reabilitação Umarizal</subfield></datafield>
<datafield tag="520" ind1=" " ind2=" ">
<subfield code="a"> Há poucos estudos brasileiros abordando a comunicação e linguagem dos pacientes adultos com lesões encefálicas adquiridas, bem como sua relação com as melhoras motoras e cognitivas durante a reabilitação. Esse fator, somado à complexidade da avaliação dessas alterações justifica este estudo. O objetivo deste estudo foi descrever as alterações de comunicação nos pacientes adultos com lesões encefálicas adquiridas atendidos pela equipe de reabilitação de pacientes com lesões encefálicas adquiridas e correlacionar esses dados com variáveis biodemográficas, clínicas e achados aos exames de imagem. Cento e dezenove prontuários médicos de pacientes hemiplégicos sob reabilitação, atendidos entre Outubro de 2002 e 2004 foram avaliados. Foram tabulados dados clínicos, biodemográficos, resultados de exame de imagem e o padrão de transtorno de comunicação de acordo com a avaliação realizada no serviço de fonoaudiologia. O grau de incapacidade foi avaliado pela medida de independência funcional (MIF). O AVE correspondeu a 74% dos casos, seguido pelo TCE em 20% e 6% de outras etiologias. Cinqüenta e um pacientes apresentaram alterações de linguagem, enquanto 43 tinham outras alterações fonoaudiológicas e não de linguagem e 25 sem alterações; 30,9% de afasias (sendo 56% dessas, mistas, a mais prevalente), 27,7% de disartrias, 24,5% de apraxias, 22,3% de alterações lingüístico-cognitivas, 21,3% de alterações de voz, 20,2% de disfagias, 14,9% de alterações sensoriomotoras orais, 3,2% de hipoacusias e 1,1% de anomias. Não foram encontradas associações entre o gênero na comparação dos subgrupos com afasia, portadores de distúrbio lingüístico-cognitivo, TCE ou AVE, bem como nenhum paciente sugerindo dominância cerebral para linguagem à direita. A prevalência das afasias apresentou relação com a lateralidade esquerda da lesão e a dos distúrbios lingüístico-cognitivos com a lateralidade direita e com a presença de TCE, sendo menor o número de afásicos entre os pacientes com TCE do que no resto da amostra. A MIF apresentou associação com as alterações de linguagem, sugerindo que estas influenciaram o grau de independência dos pacientes. Conclusões: A comunicação e suas alterações estão ligadas às outras alterações cognitivas, motoras, sócio-culturais e pessoais do paciente, o que reforça a importância das equipes interdisciplinares no diagnóstico funcional e reabilitação dos pacientes com lesões encefálicas adquiridas. </subfield>
</datafield>
<datafield tag="260" ind1=" " ind2=" ">
<subfield code="b">Faculdade de Medicina, Universidade de São Paulo</subfield>
</datafield>
<dataField tag="260" ind1=" " ind2=" ">
<subfield code="c">2006-12-09 00:00:00</subfield>
</dataField>   <datafield tag="856" ind1=" " ind2=" ">
<subfield code="q">application/pdf</subfield>
</datafield>
<datafield tag="856" ind1="4" ind2="0">
<subfield code="u">https://www.revistas.usp.br/actafisiatrica/article/view/102735</subfield>
</datafield>  <datafield tag="786" ind1="0" ind2=" ">
<subfield code="n">Acta Fisiátrica; v. 13 n. 3 (2006)</subfield>
</datafield>  <datafield tag="546" ind1=" " ind2=" ">
<subfield code="a">por</subfield>
</datafield>   <datafield tag="540" ind1=" " ind2=" ">
<subfield code="a">Copyright (c) 2006 Acta Fisiátrica</subfield>
</datafield>
</record>
</metadata>
</record>