
<record>
<header>
<identifier>oai:revistas.usp.br:article/102737</identifier>
<datestamp>2020-08-15T21:41:24Z</datestamp>
<setSpec>actafisiatrica:Art.+Orig.</setSpec>
<setSpec>driver</setSpec>
</header>
<metadata>
<record xmlns="http://www.loc.gov/MARC21/slim" xmlns:xsi="http://www.w3.org/2001/XMLSchema-instance" xsi:schemaLocation="http://www.loc.gov/MARC21/slim http://www.loc.gov/standards/marcxml/schema/MARC21slim.xsd">
<leader>     nmb a2200000Iu 4500</leader>
<controlfield tag="008">"061209 2006                        eng  "</controlfield>
<datafield tag="022" ind1="#" ind2="#">
<subfield code="$a">2317-0190</subfield>
</datafield>
<datafield tag="022" ind1="#" ind2="#">
<subfield code="$a">0104-7795</subfield>
</datafield>
<datafield tag="042" ind1=" " ind2=" ">
<subfield code="a">dc</subfield>
</datafield>
<datafield tag="245" ind1="0" ind2="0">
<subfield code="a">Estudo comparativo das amplitudes de movimento da coluna cervical em idosos com diferentes níveis de aptidão física</subfield>
</datafield>  <datafield tag="720" ind1="1" ind2=" ">
<subfield code="a">Carvalho, Cristiano Oliveira de</subfield>
<subfield code="u">Pontifícia Universidade Católica de Minas Gerais</subfield></datafield>
<datafield tag="720" ind1="1" ind2=" ">
<subfield code="a">Magalhães, Denis Aron dos Santos</subfield>
<subfield code="u">Pontifícia Universidade Católica de Minas Gerais</subfield></datafield>
<datafield tag="720" ind1="1" ind2=" ">
<subfield code="a">Silva Junior, José Alberto Alves</subfield>
<subfield code="u">Pontifícia Universidade Católica de Minas Gerais</subfield></datafield>
<datafield tag="720" ind1="1" ind2=" ">
<subfield code="a">Bicalho, Luis Flávio Horta</subfield>
<subfield code="u">Pontifícia Universidade Católica de Minas Gerais</subfield></datafield>
<datafield tag="720" ind1="1" ind2=" ">
<subfield code="a">Costa, Ana Paula Bitarães</subfield>
<subfield code="u">Pontifícia Universidade Católica de Minas Gerais</subfield></datafield>
<datafield tag="720" ind1="1" ind2=" ">
<subfield code="a">Costa, Leonardo Oliveira Pena</subfield>
<subfield code="u">Pontifícia Universidade Católica de Minas Gerais</subfield></datafield>
<datafield tag="720" ind1="1" ind2=" ">
<subfield code="a">Figueiredo, Vânia Ferreira de</subfield>
<subfield code="u">Pontifícia Universidade Católica de Minas Gerais</subfield></datafield>
<datafield tag="520" ind1=" " ind2=" ">
<subfield code="a"> Este estudo tem como objetivo analisar e comparar as amplitudes de movimento (ADM) da coluna cervical em dois grupos de idosos com níveis diferentes de aptidão física. Métodos: Foram selecionados 40 voluntários assintomáticos com idade entre 60-75 anos e subdivididos pelo seu respectivo nível de aptidão física. Os voluntários então foram submetidos a mensuração de suas respectivas ADM pelo inclinômetro Cervical Range of Motion – CROM por um examinador que não tinha conhecimento prévio dos pacientes e seus respectivos grupos. Um teste de confiabilidade intra examinador foi realizado para avaliar a reprodutibilidade do examinador. Resultados: Foi observado que nos movimentos de flexão e extensão não houveram diferenças significativas entre os grupos avaliados. Os movimentos de inclinação lateral direita e esquerda e rotação direita e esquerda apresentaram valores de ADM estatisticamente significantes no grupo de voluntários ativos quando comparados com os sedentários. Conclusão: Conclui-se através deste estudo que o nível de atividade física pode ser um fator benéfico na preservação da ADM em idosos. </subfield>
</datafield>
<datafield tag="260" ind1=" " ind2=" ">
<subfield code="b">Faculdade de Medicina, Universidade de São Paulo</subfield>
</datafield>
<dataField tag="260" ind1=" " ind2=" ">
<subfield code="c">2006-12-09 00:00:00</subfield>
</dataField>   <datafield tag="856" ind1=" " ind2=" ">
<subfield code="q">application/pdf</subfield>
</datafield>
<datafield tag="856" ind1="4" ind2="0">
<subfield code="u">https://www.revistas.usp.br/actafisiatrica/article/view/102737</subfield>
</datafield>  <datafield tag="786" ind1="0" ind2=" ">
<subfield code="n">Acta Fisiátrica; v. 13 n. 3 (2006)</subfield>
</datafield>  <datafield tag="546" ind1=" " ind2=" ">
<subfield code="a">por</subfield>
</datafield>   <datafield tag="540" ind1=" " ind2=" ">
<subfield code="a">Copyright (c) 2006 Acta Fisiátrica</subfield>
</datafield>
</record>
</metadata>
</record>