
<record>
<header>
<identifier>oai:revistas.usp.br:article/102740</identifier>
<datestamp>2020-08-15T21:41:21Z</datestamp>
<setSpec>actafisiatrica:Art.+Orig.</setSpec>
<setSpec>driver</setSpec>
</header>
<metadata>
<record xmlns="http://www.loc.gov/MARC21/slim" xmlns:xsi="http://www.w3.org/2001/XMLSchema-instance" xsi:schemaLocation="http://www.loc.gov/MARC21/slim http://www.loc.gov/standards/marcxml/schema/MARC21slim.xsd">
<leader>     nmb a2200000Iu 4500</leader>
<controlfield tag="008">"061209 2006                        eng  "</controlfield>
<datafield tag="022" ind1="#" ind2="#">
<subfield code="$a">2317-0190</subfield>
</datafield>
<datafield tag="022" ind1="#" ind2="#">
<subfield code="$a">0104-7795</subfield>
</datafield>
<datafield tag="042" ind1=" " ind2=" ">
<subfield code="a">dc</subfield>
</datafield>
<datafield tag="245" ind1="0" ind2="0">
<subfield code="a">Avaliação da sensibilidade de membros superiores em pacientes com linfedema pós mastectomia radical</subfield>
</datafield>  <datafield tag="720" ind1="1" ind2=" ">
<subfield code="a">Greve, Patrícia</subfield>
<subfield code="u">Irmandade Santa Casa de Misericórdia de São Paulo</subfield></datafield>
<datafield tag="720" ind1="1" ind2=" ">
<subfield code="a">Dalaruvera, Karin Luise</subfield>
<subfield code="u">Irmandade Santa Casa de Misericórdia de São Paulo</subfield></datafield>
<datafield tag="720" ind1="1" ind2=" ">
<subfield code="a">Benvenuto, Fernando Barbosa</subfield>
<subfield code="u">Irmandade Santa Casa de Misericórdia de São Paulo</subfield></datafield>
<datafield tag="720" ind1="1" ind2=" ">
<subfield code="a">Guedes Neto, Henrique Jorge</subfield>
<subfield code="u">Faculdade de Ciências Médicas da Santa Casa de São Paulo</subfield></datafield>
<datafield tag="520" ind1=" " ind2=" ">
<subfield code="a"> O objetivo deste trabalho foi avaliar a sensibilidade de membros superiores com linfedema pós- mastectomia radical. Foram avaliadas nove pacientes, com média de idade de 60,7 anos, para verificar se ocorre diferença de sensibilidade entre o membro com linfedema e o membro sem linfedema. Para o teste de sensibilidade foram utilizados 6 monofilamentos de Semmens-Weinstes (modelo de bolso) “sensi kit”. As áreas testadas foram aquelas correspondentes aos dermátomos ligados à distribuição dos nervos ulnar, mediano e radial. Como resultados tivemos que o tempo decorrido desde a cirurgia foi em média de 8,9 anos, e o aparecimento do linfedema ocorreu em média 5,5 anos após a cirurgia. Utilizou-se a estatística não-paramétrica, empregando-se o Teste de Fisher para pequenas amostras, das freqüências encontradas. Para cada lado testado evidenciou que a freqüência de pacientes que apresentaram sensibilidade no lado acometido foi significativamente menor (0,0045; p&gt;0,005) do que a observada no lado controle, quando testado o Ponto 1, cor verde; não houve diferenças estatisticamente importantes entre os lados avaliados nos demais pontos e cores testados; com relação ao grau de incapacidade, conforme o Ministério da Saúde, não houve qualquer diferença significativa entre os lados acometido e controle em qualquer dos sete pontos testados. </subfield>
</datafield>
<datafield tag="260" ind1=" " ind2=" ">
<subfield code="b">Faculdade de Medicina, Universidade de São Paulo</subfield>
</datafield>
<dataField tag="260" ind1=" " ind2=" ">
<subfield code="c">2006-12-09 00:00:00</subfield>
</dataField>   <datafield tag="856" ind1=" " ind2=" ">
<subfield code="q">application/pdf</subfield>
</datafield>
<datafield tag="856" ind1="4" ind2="0">
<subfield code="u">https://www.revistas.usp.br/actafisiatrica/article/view/102740</subfield>
</datafield>  <datafield tag="786" ind1="0" ind2=" ">
<subfield code="n">Acta Fisiátrica; v. 13 n. 3 (2006)</subfield>
</datafield>  <datafield tag="546" ind1=" " ind2=" ">
<subfield code="a">por</subfield>
</datafield>   <datafield tag="540" ind1=" " ind2=" ">
<subfield code="a">Copyright (c) 2006 Acta Fisiátrica</subfield>
</datafield>
</record>
</metadata>
</record>