
<record>
<header>
<identifier>oai:revistas.usp.br:article/102743</identifier>
<datestamp>2020-08-15T21:41:17Z</datestamp>
<setSpec>actafisiatrica:Art.+Rev.</setSpec>
<setSpec>driver</setSpec>
</header>
<metadata>
<record xmlns="http://www.loc.gov/MARC21/slim" xmlns:xsi="http://www.w3.org/2001/XMLSchema-instance" xsi:schemaLocation="http://www.loc.gov/MARC21/slim http://www.loc.gov/standards/marcxml/schema/MARC21slim.xsd">
<leader>     nmb a2200000Iu 4500</leader>
<controlfield tag="008">"061209 2006                        eng  "</controlfield>
<datafield tag="022" ind1="#" ind2="#">
<subfield code="$a">2317-0190</subfield>
</datafield>
<datafield tag="022" ind1="#" ind2="#">
<subfield code="$a">0104-7795</subfield>
</datafield>
<datafield tag="042" ind1=" " ind2=" ">
<subfield code="a">dc</subfield>
</datafield>
<datafield tag="245" ind1="0" ind2="0">
<subfield code="a">Dor fantasma em amputados de membro inferior como fator preditivo de aquisição de marcha com prótese</subfield>
</datafield>  <datafield tag="720" ind1="1" ind2=" ">
<subfield code="a">Lima, Karla Barros Bezerra</subfield>
<subfield code="u">Universidade Federal de São Paulo</subfield></datafield>
<datafield tag="720" ind1="1" ind2=" ">
<subfield code="a">Chamlian, Therezinha Rosane</subfield>
<subfield code="u">Universidade Federal de São Paulo</subfield></datafield>
<datafield tag="720" ind1="1" ind2=" ">
<subfield code="a">Masiero, Danilo</subfield>
<subfield code="u">Universidade Federal de São Paulo</subfield></datafield>
<datafield tag="520" ind1=" " ind2=" ">
<subfield code="a"> A reabilitação do paciente amputado obedece a algumas fases: avaliação geral do paciente, reabilitação préprotética e reabilitação pós-protética. Para que todas essas etapas sejam alcançadas e cumpridas com sucesso, é indispensável que o paciente apresente um bom estado geral, sem alterações que possam comprometer a reabilitação. A presença de sinais e/ou sintomas patológicos impedem uma boa evolução do processo. A presença de dor fantasma persistente prejudica a reabilitação do paciente amputado, em especial, o processo de aquisição de marcha com a prótese. Esta é a hipótese sugerida nesta revisão de literatura, que apresenta como objetivo relacionar a presença de dor fantasma com a aquisição de marcha com prótese em pacientes amputados de membro inferior. Após analisar os 11 estudos selecionados, concluiu-se que a dor fantasma tende a dificultar a marcha com prótese, mas que, quando a protetização é alcançada de maneira eficiente, pode influenciar no alívio da mesma. </subfield>
</datafield>
<datafield tag="260" ind1=" " ind2=" ">
<subfield code="b">Faculdade de Medicina, Universidade de São Paulo</subfield>
</datafield>
<dataField tag="260" ind1=" " ind2=" ">
<subfield code="c">2006-12-09 00:00:00</subfield>
</dataField>   <datafield tag="856" ind1=" " ind2=" ">
<subfield code="q">application/pdf</subfield>
</datafield>
<datafield tag="856" ind1="4" ind2="0">
<subfield code="u">https://www.revistas.usp.br/actafisiatrica/article/view/102743</subfield>
</datafield>  <datafield tag="786" ind1="0" ind2=" ">
<subfield code="n">Acta Fisiátrica; v. 13 n. 3 (2006)</subfield>
</datafield>  <datafield tag="546" ind1=" " ind2=" ">
<subfield code="a">por</subfield>
</datafield>   <datafield tag="540" ind1=" " ind2=" ">
<subfield code="a">Copyright (c) 2006 Acta Fisiátrica</subfield>
</datafield>
</record>
</metadata>
</record>
<resumptionToken expirationDate="2023-08-08T14:50:00Z" completeListSize="935" cursor="200">3a619b92393795785e93b54a8ca89613</resumptionToken>
</ListRecords>
</OAI-PMH> 